% Beispiel für Zeitschriftenartikel
@article{ctWindowsEinfachAbsichern,
  title={Auto der Zukunft},
  author={Hansen, Sven und Proteck, Stefan},
  journaltitle={c't Magazin f{\"u}r computer technik},
  volume={20},
  number={1},
  pages={100--105},
  year={2017},
}

% Beispiel für ein Buch
@book{wissentschaftlichesArbeitMitLatex,
  title={Wissenschaftliche Arbeiten schreiben mit LaTeX: Leitfaden f{/u}r Einsteiger},
  author={Schlosser, Joachim},
  year={2000},
  publisher={mitp}
}

% Beispiel für eine URL
@online{zitieren13,
  author = {},
  title = {Zitieren von Internetquellen},
  url = {http://de.wikipedia.org/wiki/Zitieren_von_Internetquellen},
  year = {2013},
  urldate = {2013-09-11}
}
@online{zitieren13a,
  author = {},
  title = {Zitierregel f{\"u}r Internetseiten},
  url = {http://www.wissenschaftliches-arbeiten.org/zitierregeln/internet-seiten.html},
  year = {2013},
  urldate = {2014-08-01}
}
@online{onlineLatexHilfe,
  author = {},
  title = {Hilfe:TeX},
  url = {https://de.wikipedia.org/wiki/Hilfe:TeX},
  year = {2017},
  urldate = {2017-19-20}
}